@book{drysdale2024,
    author    = {David Drysdale},
    title     = {Effective Rust},
    publisher = {O'Reilly Media, Inc.},
    year      = {2024},
    address   = {Sebastopol, CA},
    note      = {Copyright © 2024 Galloglass Consulting Limited. All rights reserved. Printed in the United States of America.}
},
@misc{shuklin2020,
    author    = {George Shuklin},
    title     = {My first insight into Rust type system},
    year      = {2020},
    howpublished = {\url{https://medium.com/journey-to-rust/my-first-insight-into-rust-type-system-601cdfd0b81f}},
    note      = {Published in Journey to Rust, Medium, Sep. 27, 2020}
},
@book{rust2023,
    author    = {{Rust Foundation and the Rust Project Developers}},
    title     = {The Rust Programming Language},
    edition   = {2},
    year      = {2023},
    publisher = {Rust Foundation},
    note      = {Copyright © 2023 by the Rust Foundation and the Rust Project Developers}
},
@misc{RustDoc2024,
  title={Rust by Example},
  url = {https://doc.rust-lang.org/rust-by-example/}
},
@misc{tung2020,
    author       = {Liam Tung},
    title        = {Microsoft: Here's why we love programming language Rust and kicked off Project Verona},
    howpublished = {\url{https://www.zdnet.com/article/microsoft-heres-why-we-love-programming-language-rust-and-kicked-off-project-verona/}},
    note         = {May 22, 2020, 5:56 a.m. PT, ZDNet},
    year         = {2020}
},
@misc{cwe190,
    author       = {{MITRE}},
    title        = {{CWE-190: Integer Overflow or Wraparound}},
    howpublished = {\url{https://cwe.mitre.org/data/definitions/190.html}},
    note         = {Accessed: 2024-06-05},
    year         = {n.d.}
},
@misc{sequeira2023,
    author       = {Ranveer Sequeira},
    title        = {Learning Rust: Understanding Zero-Cost Abstraction with Filter and Map},
    howpublished = {\url{https://ranveersequeira.medium.com/learning-rust-understanding-zero-cost-abstraction-with-filter-and-map-e967d09fff79}},
    note         = {May 23, 2023, Medium},
    year         = {2023}
},
@misc{haberman2014,
    author       = {Josh Haberman},
    title        = {The Overhead of Abstraction in C/C++ vs. Python/Ruby},
    howpublished = {\url{https://blog.reverberate.org/2014/10/the-overhead-of-abstraction-in-cc-vs.html}},
    note         = {October 17, 2014},
    year         = {2014}
},
@misc{rust_clone,
    author       = {{Rust Project Developers}},
    title        = {Clone Trait},
    howpublished = {\url{https://doc.rust-lang.org/std/clone/trait.Clone.html}},
    note         = {Accessed: 2024-06-05},
    year         = {n.d.}
},
@misc{feltzman2023,
    author       = {Yerachmiel Feltzman},
    title        = {Rust: Stack and Heap, Moves and Copies},
    howpublished = {\url{https://medium.com/israeli-tech-radar/rust-stack-and-heap-moves-and-copies-104b3146b977}},
    note         = {Published in Israeli Tech Radar, July 24, 2023},
    year         = {2023}
}




